<record><leader>00000cas a22000007a 4500</leader><controlfield tag="001">15745922</controlfield><controlfield tag="008">870529d18951943pauwr ne      0    0eng d</controlfield><controlfield tag="009">5601</controlfield><datafield ind1=" " ind2=" " tag="010"><subfield code="a">sn 87080288 </subfield></datafield><datafield ind1=" " ind2=" " tag="040"><subfield code="a">NPH</subfield><subfield code="b">eng</subfield><subfield code="c">NPH</subfield></datafield><datafield ind1="1" ind2=" " tag="029"><subfield code="a">AU@</subfield><subfield code="b">000025812589</subfield></datafield><datafield ind1=" " ind2=" " tag="042"><subfield code="a">msc</subfield></datafield><datafield ind1="0" ind2=" " tag="130"><subfield code="a">Press (Freeland, Pa.)</subfield></datafield><datafield ind1="0" ind2="4" tag="245"><subfield code="a">The press.</subfield></datafield><datafield ind1=" " ind2=" " tag="260"><subfield code="a">Freeland, Pa. :</subfield><subfield code="b">Press Print. Co.,</subfield></datafield><datafield ind1=" " ind2=" " tag="300"><subfield code="a">v. ;</subfield><subfield code="c">59 cm.</subfield></datafield><datafield ind1=" " ind2=" " tag="310"><subfield code="a">Weekly</subfield></datafield><datafield ind1="0" ind2=" " tag="362"><subfield code="a">Vol. 1, no. 1 (June 1, 1895)-</subfield></datafield><datafield ind1="1" ind2=" " tag="362"><subfield code="a">Ceased in 1943?</subfield></datafield><datafield ind1=" " ind2=" " tag="500"><subfield code="a">Published every Saturday morning.</subfield></datafield><datafield ind1=" " ind2=" " tag="500"><subfield code="a">Editor: H.L. Edmunds.</subfield></datafield><datafield ind1=" " ind2=" " tag="752"><subfield code="a">United States</subfield><subfield code="b">Pennsylvania</subfield><subfield code="c">Luzerne</subfield><subfield code="d">Freeland.</subfield></datafield></record>